<record><leader>00000cas a2200000 a 4500</leader><controlfield tag="001">71332867</controlfield><controlfield tag="006">m     o  d        </controlfield><controlfield tag="007">cr anu||||||||</controlfield><controlfield tag="008">060915d18001804pauwr nso     0    0eng c</controlfield><datafield ind1=" " ind2=" " tag="010"><subfield code="a">  2007233849</subfield></datafield><datafield ind1=" " ind2=" " tag="040"><subfield code="a">APSON</subfield><subfield code="b">eng</subfield><subfield code="c">APSON</subfield><subfield code="d">APSON</subfield><subfield code="d">GUA</subfield><subfield code="d">OCLCQ</subfield><subfield code="d">OCLCA</subfield><subfield code="d">OCLCF</subfield><subfield code="d">OCLCQ</subfield><subfield code="d">RCE</subfield><subfield code="d">OCL</subfield></datafield><datafield ind1=" " ind2=" " tag="019"><subfield code="a">122621046</subfield></datafield><datafield ind1=" " ind2=" " tag="042"><subfield code="a">pcc</subfield></datafield><datafield ind1=" " ind2=" " tag="043"><subfield code="a">n-us-pa</subfield></datafield><datafield ind1="1" ind2="4" tag="050"><subfield code="a">AP2.A2</subfield></datafield><datafield ind1="0" ind2=" " tag="130"><subfield code="a">Philadelphia repository, and weekly register (Online)</subfield></datafield><datafield ind1="1" ind2="0" tag="245"><subfield code="a">Philadelphia repository, and weekly register.</subfield></datafield><datafield ind1="3" ind2=" " tag="246"><subfield code="a">Weekly register</subfield></datafield><datafield ind1=" " ind2=" " tag="260"><subfield code="a">Philadelphia :</subfield><subfield code="b">E. Conrad,</subfield><subfield code="c">1800-1804.</subfield></datafield><datafield ind1=" " ind2=" " tag="310"><subfield code="a">Weekly</subfield></datafield><datafield ind1=" " ind2=" " tag="336"><subfield code="a">text</subfield><subfield code="b">txt</subfield><subfield code="2">rdacontent</subfield></datafield><datafield ind1=" " ind2=" " tag="337"><subfield code="a">computer</subfield><subfield code="b">c</subfield><subfield code="2">rdamedia</subfield></datafield><datafield ind1=" " ind2=" " tag="338"><subfield code="a">online resource</subfield><subfield code="b">cr</subfield><subfield code="2">rdacarrier</subfield></datafield><datafield ind1="0" ind2=" " tag="362"><subfield code="a">Vol. 1, no. 1 (Nov. 15, 1800)-v. 4, no. 52 (Dec. 29, 1804).</subfield></datafield><datafield ind1=" " ind2=" " tag="500"><subfield code="a">Title from pdf caption (ProQuest APS Online, viewed Nov. 27, 2007).</subfield></datafield><datafield ind1=" " ind2=" " tag="515"><subfield code="a">Publication suspended Aug. 14-Sept. 25, 1802.</subfield></datafield><datafield ind1=" " ind2=" " tag="530"><subfield code="a">Also issued in print and on microfilm.</subfield></datafield><datafield ind1=" " ind2=" " tag="538"><subfield code="a">Mode of access: World Wide Web.</subfield></datafield><datafield ind1=" " ind2="0" tag="651"><subfield code="a">Philadelphia (Pa.)</subfield><subfield code="v">Newspapers.</subfield></datafield><datafield ind1=" " ind2="0" tag="651"><subfield code="a">Philadelphia County (Pa.)</subfield><subfield code="v">Newspapers.</subfield></datafield><datafield ind1=" " ind2="7" tag="651"><subfield code="a">Pennsylvania</subfield><subfield code="z">Philadelphia.</subfield><subfield code="2">fast</subfield><subfield code="0">(OCoLC)fst01204170</subfield></datafield><datafield ind1=" " ind2="7" tag="651"><subfield code="a">Pennsylvania</subfield><subfield code="z">Philadelphia County.</subfield><subfield code="2">fast</subfield><subfield code="0">(OCoLC)fst01217128</subfield></datafield><datafield ind1=" " ind2="7" tag="655"><subfield code="a">Periodicals.</subfield><subfield code="2">fast</subfield><subfield code="0">(OCoLC)fst01411641</subfield></datafield><datafield ind1=" " ind2="7" tag="655"><subfield code="a">Newspapers.</subfield><subfield code="2">fast</subfield><subfield code="0">(OCoLC)fst01423814</subfield></datafield><datafield ind1=" " ind2="7" tag="655"><subfield code="a">Electronic journals.</subfield><subfield code="2">lcgft</subfield></datafield><datafield ind1=" " ind2=" " tag="752"><subfield code="a">United States</subfield><subfield code="b">Pennsylvania</subfield><subfield code="c">Philadelphia</subfield><subfield code="d">Philadelphia.</subfield></datafield><datafield ind1="1" ind2=" " tag="776"><subfield code="t">Philadelphia repository, and weekly register</subfield><subfield code="w">(DLC)sn 84026331</subfield><subfield code="w">(OCoLC)7922041</subfield></datafield><datafield ind1="0" ind2="0" tag="785"><subfield code="t">Philadelphia repository (Online)</subfield><subfield code="w">(DLC)  2007233950</subfield><subfield code="w">(OCoLC)71332929</subfield></datafield><datafield ind1="4" ind2="0" tag="856"><subfield code="u">http://proquest.umi.com/pdqweb</subfield></datafield><datafield ind1="4" ind2="0" tag="856"><subfield code="u">http://infoweb.newsbank.com/?db=EANX&amp;s_browseRef=decades/10CEBC4A113482B0/all.xml</subfield></datafield></record>